@article{roth2009modeling,
  title={Modeling synapses},
  author={Roth, Arnd and van Rossum, Mark CW},
  journal={Computational modeling methods for neuroscientists},
  volume={6},
  pages={139--160},
  year={2009},
  publisher={MIT Press Cambridge, MA}
}